<record><leader>06051cam a2200949 a 4500</leader><controlfield tag="001">6630295</controlfield><controlfield tag="003">OCoLC</controlfield><controlfield tag="005">20160430094337.6</controlfield><controlfield tag="006">m     o  d        </controlfield><controlfield tag="007">cr |n|</controlfield><controlfield tag="008">140613s2015    maua    o     001 0 eng d</controlfield><datafield ind1=" " ind2=" " tag="020"><subfield code="a">128585456X</subfield><subfield code="q">(electronic bk.)</subfield></datafield><datafield ind1=" " ind2=" " tag="020"><subfield code="a">9781285854564</subfield><subfield code="q">(electronic bk.)</subfield></datafield><datafield ind1=" " ind2=" " tag="020"><subfield code="z">1285854578</subfield></datafield><datafield ind1=" " ind2=" " tag="020"><subfield code="z">9781285854571</subfield></datafield><datafield ind1=" " ind2=" " tag="035"><subfield code="a">ocn881383239</subfield></datafield><datafield ind1=" " ind2=" " tag="039"><subfield code="a">exclude</subfield></datafield><datafield ind1=" " ind2=" " tag="040"><subfield code="a">UMI</subfield><subfield code="b">eng</subfield><subfield code="e">pn</subfield><subfield code="c">UMI</subfield><subfield code="d">E7B</subfield><subfield code="d">YDXCP</subfield><subfield code="d">N$T</subfield><subfield code="d">DEBBG</subfield><subfield code="d">B24X7</subfield><subfield code="d">STF</subfield><subfield code="d">COO</subfield><subfield code="d">OCLCQ</subfield><subfield code="d">OCLCO</subfield><subfield code="d">OCLCF</subfield><subfield code="d">OCLCQ</subfield><subfield code="d">OCLCO</subfield><subfield code="d">AEU</subfield></datafield><datafield ind1=" " ind2="4" tag="050"><subfield code="a">QA76.73.C154</subfield><subfield code="b">H379 2015</subfield></datafield><datafield ind1=" " ind2="7" tag="072"><subfield code="a">COM</subfield><subfield code="x">051010</subfield><subfield code="2">bisacsh</subfield></datafield><datafield ind1=" " ind2="7" tag="072"><subfield code="a">COM</subfield><subfield code="x">051310</subfield><subfield code="2">bisacsh</subfield></datafield><datafield ind1="0" ind2="4" tag="082"><subfield code="a">005.133</subfield><subfield code="2">23</subfield></datafield><datafield ind1=" " ind2=" " tag="090"><subfield code="a">Internet Access</subfield><subfield code="b">ASAV</subfield></datafield><datafield ind1=" " ind2=" " tag="090"><subfield code="a">Internet Access</subfield><subfield code="b">AEU</subfield></datafield><datafield ind1=" " ind2=" " tag="090"><subfield code="a">Internet Access</subfield><subfield code="b">AGPC</subfield></datafield><datafield ind1=" " ind2=" " tag="090"><subfield code="a">Internet Access</subfield><subfield code="b">AFMK</subfield></datafield><datafield ind1=" " ind2=" " tag="090"><subfield code="a">Internet Access</subfield><subfield code="b">AEKC</subfield></datafield><datafield ind1=" " ind2=" " tag="090"><subfield code="a">Internet Access</subfield><subfield code="b">AEGMCT</subfield></datafield><datafield ind1=" " ind2=" " tag="090"><subfield code="a">Internet Access</subfield><subfield code="b">AOAC</subfield></datafield><datafield ind1=" " ind2=" " tag="090"><subfield code="a">Internet Access</subfield><subfield code="b">AEC</subfield></datafield><datafield ind1=" " ind2=" " tag="090"><subfield code="a">Internet Access</subfield><subfield code="b">AEGMCT</subfield></datafield><datafield ind1=" " ind2=" " tag="090"><subfield code="a">Internet Access</subfield><subfield code="b">AGPC</subfield></datafield><datafield ind1=" " ind2=" " tag="090"><subfield code="a">Internet Access</subfield><subfield code="b">ARDC</subfield></datafield><datafield ind1=" " ind2=" " tag="090"><subfield code="a">Internet Access</subfield><subfield code="b">AEGMCT</subfield></datafield><datafield ind1=" " ind2=" " tag="090"><subfield code="a">Internet Access</subfield><subfield code="b">AEU</subfield></datafield><datafield ind1="1" ind2=" " tag="100"><subfield code="a">Harwani, B. M.</subfield></datafield><datafield ind1="1" ind2="0" tag="245"><subfield code="a">Learning object-oriented programming in C&#9839; 5.0</subfield><subfield code="h">[electronic resource] /</subfield><subfield code="c">B.M. Harwani.</subfield></datafield><datafield ind1="3" ind2=" " tag="246"><subfield code="a">Learning object-oriented programming in C sharp 5.0</subfield></datafield><datafield ind1=" " ind2=" " tag="260"><subfield code="a">Boston, MA :</subfield><subfield code="b">Cengage Learning PTR,</subfield><subfield code="c">&#169;2015.</subfield></datafield><datafield ind1=" " ind2=" " tag="300"><subfield code="a">1 online resource (1 volume) :</subfield><subfield code="b">illustrations</subfield></datafield><datafield ind1=" " ind2=" " tag="336"><subfield code="a">text</subfield><subfield code="b">txt</subfield><subfield code="2">rdacontent</subfield></datafield><datafield ind1=" " ind2=" " tag="337"><subfield code="a">computer</subfield><subfield code="b">c</subfield><subfield code="2">rdamedia</subfield></datafield><datafield ind1=" " ind2=" " tag="338"><subfield code="a">online resource</subfield><subfield code="b">cr</subfield><subfield code="2">rdacarrier</subfield></datafield><datafield ind1=" " ind2=" " tag="500"><subfield code="a">Includes index.</subfield></datafield><datafield ind1=" " ind2=" " tag="506"><subfield code="a">Access restricted to authorized users and institutions.</subfield></datafield><datafield ind1="0" ind2=" " tag="588"><subfield code="a">Print version record.</subfield></datafield><datafield ind1=" " ind2=" " tag="596"><subfield code="a">1 8 11 21 31 33 35 44 57 60</subfield></datafield><datafield ind1=" " ind2="0" tag="650"><subfield code="a">Application software</subfield><subfield code="x">Development.</subfield></datafield><datafield ind1=" " ind2="0" tag="650"><subfield code="a">C# (Computer program language)</subfield></datafield><datafield ind1=" " ind2="0" tag="650"><subfield code="a">Object-oriented programming (Computer science)</subfield></datafield><datafield ind1=" " ind2="7" tag="650"><subfield code="a">Application software</subfield><subfield code="x">Development.</subfield><subfield code="2">fast</subfield><subfield code="0">(OCoLC)fst00811707</subfield></datafield><datafield ind1=" " ind2="7" tag="650"><subfield code="a">C&#9839; (Computer program language)</subfield><subfield code="2">fast</subfield><subfield code="0">(OCoLC)fst00843284</subfield></datafield><datafield ind1=" " ind2="7" tag="650"><subfield code="a">Object-oriented programming (Computer science)</subfield><subfield code="2">fast</subfield><subfield code="0">(OCoLC)fst01042804</subfield></datafield><datafield ind1="4" ind2="0" tag="856"><subfield code="3">Northern Lakes College Access</subfield><subfield code="u">http://search.ebscohost.com/login.aspx?direct=true&amp;scope=site&amp;db=e000xna&amp;AN=779094</subfield><subfield code="z">(Unlimited Concurrent Users)</subfield><subfield code="z">from EBSCO Academic Collection</subfield></datafield><datafield ind1="4" ind2="0" tag="856"><subfield code="3">University of Alberta Access</subfield><subfield code="u">http://search.ebscohost.com/login.aspx?direct=true&amp;scope=site&amp;db=e000xna&amp;AN=779094</subfield><subfield code="z">(Unlimited Concurrent Users)</subfield><subfield code="z">from EBSCO Academic Collection</subfield></datafield><datafield ind1="4" ind2="0" tag="856"><subfield code="3">Alberta Government Library Access</subfield><subfield code="u">http://search.ebscohost.com/login.aspx?direct=true&amp;scope=site&amp;db=e000xna&amp;AN=779094</subfield><subfield code="z">(Unlimited Concurrent Users)</subfield><subfield code="z">from EBSCO Academic Collection</subfield></datafield><datafield ind1="4" ind2="0" tag="856"><subfield code="3">Grande Prairie Regional College Access</subfield><subfield code="u">http://search.ebscohost.com/login.aspx?direct=true&amp;scope=site&amp;db=e000xna&amp;AN=779094</subfield><subfield code="z">(Unlimited Concurrent Users)</subfield><subfield code="z">from EBSCO Academic Collection</subfield></datafield><datafield ind1="4" ind2="0" tag="856"><subfield code="3">Keyano College Access</subfield><subfield code="u">http://search.ebscohost.com/login.aspx?direct=true&amp;scope=site&amp;db=e000xna&amp;AN=779094</subfield><subfield code="z">(Unlimited Concurrent Users)</subfield><subfield code="z">from EBSCO Academic Collection</subfield></datafield><datafield ind1="4" ind2="0" tag="856"><subfield code="3">King's University Access</subfield><subfield code="u">http://search.ebscohost.com/login.aspx?direct=true&amp;scope=site&amp;db=e000xna&amp;AN=779094</subfield><subfield code="z">(Unlimited Concurrent Users)</subfield><subfield code="z">from EBSCO Academic Collection</subfield></datafield><datafield ind1="4" ind2="0" tag="856"><subfield code="3">MacEwan University Access</subfield><subfield code="u">http://search.ebscohost.com/login.aspx?direct=true&amp;scope=site&amp;db=e000xna&amp;AN=779094</subfield><subfield code="z">(Unlimited Concurrent Users)</subfield><subfield code="z">from EBSCO Academic Collection</subfield></datafield><datafield ind1="4" ind2="0" tag="856"><subfield code="3">Olds College Access</subfield><subfield code="u">http://search.ebscohost.com/login.aspx?direct=true&amp;scope=site&amp;db=e000xna&amp;AN=779094</subfield><subfield code="z">(Unlimited Concurrent Users)</subfield><subfield code="z">from EBSCO Academic Collection</subfield></datafield><datafield ind1="4" ind2="0" tag="856"><subfield code="3">Concordia University of Edmonton Access</subfield><subfield code="u">http://site.ebrary.com/lib/concordiaab/Doc?id=10872504</subfield><subfield code="z">from ebrary</subfield></datafield><datafield ind1="4" ind2="0" tag="856"><subfield code="3">Grande Prairie Regional College Access</subfield><subfield code="u">http://ezproxy.agpc.talonline.ca:80/login?url=http://site.ebrary.com/lib/gprc/Doc?id=10872504</subfield><subfield code="z">from ebrary</subfield></datafield><datafield ind1="4" ind2="0" tag="856"><subfield code="3">MacEwan University Access</subfield><subfield code="u">http://site.ebrary.com/lib/macewan/Doc?id=10872504</subfield><subfield code="z">(Unlimited Concurrent Users)</subfield><subfield code="z">from ebrary</subfield></datafield><datafield ind1="4" ind2="0" tag="856"><subfield code="3">Red Deer College Access</subfield><subfield code="u">http://site.ebrary.com/lib/rdcollege/Doc?id=10872504</subfield><subfield code="z">from ebrary</subfield></datafield><datafield ind1="4" ind2="0" tag="856"><subfield code="3">University of Alberta Access</subfield><subfield code="u">http://proquest.safaribooksonline.com/?uiCode=ualberta&amp;xmlId=9781285854564</subfield></datafield><datafield ind1=" " ind2=" " tag="949"><subfield code="h">UAIN</subfield><subfield code="m">NLC_INT</subfield><subfield code="z">EBSCONLC</subfield></datafield><datafield ind1=" " ind2=" " tag="919"><subfield code="a">ebr10872504</subfield></datafield><datafield ind1=" " ind2=" " tag="919"><subfield code="a">ebr10872504</subfield></datafield><datafield ind1=" " ind2=" " tag="926"><subfield code="a">Internet Access</subfield><subfield code="w">LC</subfield><subfield code="c">1</subfield><subfield code="i">6630295-1001</subfield><subfield code="l">INTERNET</subfield><subfield code="m">UAINTERNET</subfield><subfield code="r">Y</subfield><subfield code="s">Y</subfield><subfield code="t">E-RESOURCE</subfield><subfield code="u">7/16/2014</subfield><subfield code="x">E-BOOK</subfield><subfield code="z">SAFARI</subfield></datafield><datafield ind1=" " ind2=" " tag="926"><subfield code="a">Internet Access</subfield><subfield code="w">LC</subfield><subfield code="c">2</subfield><subfield code="i">6630295-1002</subfield><subfield code="l">INTERNET</subfield><subfield code="m">UAINTERNET</subfield><subfield code="r">Y</subfield><subfield code="s">Y</subfield><subfield code="t">E-RESOURCE</subfield><subfield code="u">5/3/2016</subfield><subfield code="x">E-BOOK</subfield><subfield code="z">EBSCO</subfield></datafield><datafield ind1=" " ind2=" " tag="926"><subfield code="a">Internet Access</subfield><subfield code="w">LC</subfield><subfield code="c">2</subfield><subfield code="i">6630295-2002</subfield><subfield code="k">DISCARD</subfield><subfield code="l">INTERNET</subfield><subfield code="m">GR_MAC_INT</subfield><subfield code="r">Y</subfield><subfield code="s">Y</subfield><subfield code="t">E-RESOURCE</subfield><subfield code="u">1/5/2016</subfield><subfield code="x">E-BOOK</subfield><subfield code="z">EBRARYACGM</subfield></datafield><datafield ind1=" " ind2=" " tag="926"><subfield code="a">Internet Access</subfield><subfield code="w">LC</subfield><subfield code="c">3</subfield><subfield code="i">6630295-2003</subfield><subfield code="l">INTERNET</subfield><subfield code="m">GR_MAC_INT</subfield><subfield code="r">Y</subfield><subfield code="s">Y</subfield><subfield code="t">E-RESOURCE</subfield><subfield code="u">5/3/2016</subfield><subfield code="x">E-BOOK</subfield><subfield code="z">EBSCOGM</subfield></datafield><datafield ind1=" " ind2=" " tag="926"><subfield code="a">Internet Access</subfield><subfield code="w">LC</subfield><subfield code="c">1</subfield><subfield code="i">6630295-3001</subfield><subfield code="k">DISCARD</subfield><subfield code="l">INTERNET</subfield><subfield code="m">CONCORDIA</subfield><subfield code="r">Y</subfield><subfield code="s">Y</subfield><subfield code="t">E-RESOURCE</subfield><subfield code="u">1/5/2016</subfield><subfield code="x">E-BOOK</subfield><subfield code="z">EBRARYACCN</subfield></datafield><datafield ind1=" " ind2=" " tag="926"><subfield code="a">Internet Access</subfield><subfield code="w">LC</subfield><subfield code="c">1</subfield><subfield code="i">6630295-4001</subfield><subfield code="k">DISCARD</subfield><subfield code="l">INTERNET</subfield><subfield code="m">GPRC_INT</subfield><subfield code="r">Y</subfield><subfield code="s">Y</subfield><subfield code="t">E-RESOURCE</subfield><subfield code="u">1/5/2016</subfield><subfield code="x">E-BOOK</subfield><subfield code="z">EBRARYACGP</subfield></datafield><datafield ind1=" " ind2=" " tag="926"><subfield code="a">Internet Access</subfield><subfield code="w">LC</subfield><subfield code="c">2</subfield><subfield code="i">6630295-4002</subfield><subfield code="l">INTERNET</subfield><subfield code="m">GPRC_INT</subfield><subfield code="r">Y</subfield><subfield code="s">Y</subfield><subfield code="t">E-RESOURCE</subfield><subfield code="u">5/3/2016</subfield><subfield code="x">E-BOOK</subfield><subfield code="z">EBSCOGP</subfield></datafield><datafield ind1=" " ind2=" " tag="926"><subfield code="a">Internet Access</subfield><subfield code="w">LC</subfield><subfield code="c">1</subfield><subfield code="i">6630295-5001</subfield><subfield code="k">DISCARD</subfield><subfield code="l">INTERNET</subfield><subfield code="m">RED_DEER_C</subfield><subfield code="r">Y</subfield><subfield code="s">Y</subfield><subfield code="t">E-RESOURCE</subfield><subfield code="u">1/5/2016</subfield><subfield code="x">E-BOOK</subfield><subfield code="z">EBRARYACRD</subfield></datafield><datafield ind1=" " ind2=" " tag="926"><subfield code="a">Internet Access</subfield><subfield code="w">LC</subfield><subfield code="c">1</subfield><subfield code="i">6630295-6001</subfield><subfield code="l">INTERNET</subfield><subfield code="m">AGINTERNET</subfield><subfield code="r">Y</subfield><subfield code="s">Y</subfield><subfield code="t">E-RESOURCE</subfield><subfield code="u">5/3/2016</subfield><subfield code="x">E-BOOK</subfield><subfield code="z">EBSCOAGL</subfield></datafield><datafield ind1=" " ind2=" " tag="926"><subfield code="a">Internet Access</subfield><subfield code="w">LC</subfield><subfield code="c">1</subfield><subfield code="i">6630295-7001</subfield><subfield code="l">INTERNET</subfield><subfield code="m">KEYANO</subfield><subfield code="r">Y</subfield><subfield code="s">Y</subfield><subfield code="t">E-RESOURCE</subfield><subfield code="u">5/3/2016</subfield><subfield code="x">E-BOOK</subfield><subfield code="z">EBSCOKEY</subfield></datafield><datafield ind1=" " ind2=" " tag="926"><subfield code="a">Internet Access</subfield><subfield code="w">LC</subfield><subfield code="c">1</subfield><subfield code="i">6630295-8001</subfield><subfield code="l">INTERNET</subfield><subfield code="m">KINGS</subfield><subfield code="r">Y</subfield><subfield code="s">Y</subfield><subfield code="t">E-RESOURCE</subfield><subfield code="u">5/3/2016</subfield><subfield code="x">E-BOOK</subfield><subfield code="z">EBSCOKI</subfield></datafield><datafield ind1=" " ind2=" " tag="926"><subfield code="a">Internet Access</subfield><subfield code="w">LC</subfield><subfield code="c">1</subfield><subfield code="i">6630295-9001</subfield><subfield code="l">INTERNET</subfield><subfield code="m">OLDS</subfield><subfield code="r">Y</subfield><subfield code="s">Y</subfield><subfield code="t">E-RESOURCE</subfield><subfield code="u">5/3/2016</subfield><subfield code="x">E-BOOK</subfield><subfield code="z">EBSCOOLD</subfield></datafield><datafield ind1=" " ind2=" " tag="926"><subfield code="a">Internet Access</subfield><subfield code="w">LC</subfield><subfield code="c">1</subfield><subfield code="i">6630295-10001</subfield><subfield code="l">INTERNET</subfield><subfield code="m">NLC_INT</subfield><subfield code="r">Y</subfield><subfield code="s">Y</subfield><subfield code="t">E-RESOURCE</subfield><subfield code="u">3/21/2017</subfield><subfield code="x">E-BOOK</subfield><subfield code="z">EBSCONLC</subfield></datafield></record>